@misc{CETIC,
  author={CETIC},
  Key={Site},
  title={Domicílios e Usuários 2012},
  howpublished={\url{http://cetic.br/usuarios/tic/2012},
  último acesso em 08 de Agosto de 2013
  }
}

@misc{ITU,
  author={ITU},
  Key={Site},
  title={Statistics},
  howpublished={\url{http://www.itu.int/en/ITU-D/Statistics/Pages/stat/default.aspx},
  último acesso em 08 de Agosto de 2013
  }
}

@misc{Oracle1,
  author={Oracle},
  Key={Site},
  title={Obtenha Informações sobre a Tecnologia Java},
  howpublished={\url{http://www.java.com/pt_BR/about/},
  último acesso em 08 de Agosto de 2013
  }
}

@misc{Kaspersky,
  author={Kaspersky},
  Key={Site},
  title={Kaspersky Security Bulletin 2012},
  howpublished={\url{http://www.securelist.com/en/analysis/204792255/Kaspersky_Security_Bulletin_2012_The_overall_statistics_for_2012},
  último acesso em 08 de Agosto de 2013
  }
}

@inproceedings{Schlumberger,
  author = {Schlumberger, Johannes and Kruegel, Christopher and Vigna, Giovanni},
  title = {Jarhead analysis and detection of malicious Java  applets},
  booktitle = {Proceedings of the 28th Annual Computer Security  Applications Conference},
  series = {ACSAC '12},
  year = {2012},
  isbn = {978-1-4503-1312-4},
  location = {Orlando, Florida},
  pages = {249--257},
  numpages = {9},
  url = {http://doi.acm.org/10.1145/2420950.2420988},
  doi = {10.1145/2420950.2420988},
  acmid = {2420988},
  publisher = {ACM},
  address = {New York, NY, USA},
  }
}

@inproceedings{Seifert,
  author = {Seifert, Christian and Welch, Ian and Komisarczuk, Peter},
  title = {Application of divide-and-conquer algorithm paradigm to   improve the detection speed of high interaction client honeypots},
  booktitle = {Proceedings of the 2008 ACM symposium on Applied   computing},
  series = {SAC '08},
  year = {2008},
  isbn = {978-1-59593-753-7},
  location = {Fortaleza, Ceara, Brazil},
  pages = {1426--1432},
  numpages = {7},
  url = {http://doi.acm.org/10.1145/1363686.1364018},
  doi = {10.1145/1363686.1364018},
  acmid = {1364018},
  publisher = {ACM},
  address = {New York, NY, USA},
  keywords = {algorithms, client honeypots, intrusion detection,   performance improvement, security},
  }
}

@misc{Solomon,
  author={Solomon, M},
  Key={Site},
  title={It's Time to Think Outside the Box},
  howpublished={\url{http://www.securityweek.com/its-time-think-  outside-sandbox},
  último acesso em 15 de Julho de 2013
}
}

@misc{Oracle2,
  author={Oracle},
  Key={Site},
  title={What Applets Can and Cannot Do},
  howpublished={\url{http://docs.oracle.com/javase/tutorial/deployment/applet/security.html},
  último acesso em 15 de Julho de 2013
  }
}

@INPROCEEDINGS{Moser,
  author={Moser, A. and Kruegel, C. and Kirda, E.},
  booktitle={Computer Security Applications Conference, 2007. ACSAC   2007. Twenty-Third Annual},
  title={Limits of Static Analysis for Malware Detection},
  year={2007},
  pages={421-430},
  keywords={invasive software;program diagnostics;program   verification;theorem proving;code transformation;computer systems s  security;malicious code;malware detection;model  checking;obfuscation transformation;pattern matching;program  control flow;semantic signatures;spyware scanner;static  analysis;theorem proving;virus detection;Application  software;Computer security;Databases;Detectors;Face detection;Internet;Pattern matching;Performance analysis;Power system modeling;Registers},
  doi={10.1109/ACSAC.2007.21},
  ISSN={1063-9527},
  }
}

@inproceedings{Gong,
  author = {Gong, Li and Mueller, Marianne and Prafullchandra, Hemma and Schemers, Roland},
  title = {Going beyond the sandbox: an overview of the new security architecture in the javaTM development Kit 1.2},
  booktitle = {Proceedings of the USENIX Symposium on Internet   Technologies and Systems on USENIX Symposium on Internet   Technologies and Systems},
  series = {USITS'97},
  year = {1997},
  location = {Monterey, California},
  pages = {10--10},
  numpages = {1},
  url = {http://dl.acm.org/citation.cfm?id=1267279.1267289},
  acmid = {1267289},
  publisher = {USENIX Association},
  address = {Berkeley, CA, USA},
  }
}

@inproceedings{Leroy,
  author = {Leroy, Xavier and Rouaix, Fran\c{c}ois},
  title = {Security properties of typed applets},
  booktitle = {Proceedings of the 25th ACM SIGPLAN-SIGACT symposium on Principles of programming languages},
  series = {POPL '98},
  year = {1998},
  isbn = {0-89791-979-3},
  location = {San Diego, California, USA},
  pages = {391--403},
  numpages = {13},
  url = {http://doi.acm.org/10.1145/268946.268979},
  doi = {10.1145/268946.268979},
  acmid = {268979},
  publisher = {ACM},
  address = {New York, NY, USA},
  }
}

@inproceedings{Burdy,
  author = {Burdy, Lilian and Pavlova, Mariela},
  title = {Java bytecode specification and verification},
  booktitle = {Proceedings of the 2006 ACM symposium on Applied   computing},
  series = {SAC '06},
  year = {2006},
  isbn = {1-59593-108-2},
  location = {Dijon, France},
  pages = {1835--1839},
  numpages = {5},
  url = {http://doi.acm.org/10.1145/1141277.1141708},
  doi = {10.1145/1141277.1141708},
  acmid = {1141708},
  publisher = {ACM},
  address = {New York, NY, USA},
  }
}
 
@inproceedings{Provos,
  author = {Provos, Niels and McNamee, Dean and Mavrommatis,   Panayiotis and Wang, Ke and Modadugu, Nagendra},
  title = {The ghost in the browser analysis of web-based malware},
  booktitle = {Proceedings of the first conference on First Workshop on Hot Topics in Understanding Botnets},
  series = {HotBots'07},
  year = {2007},
  location = {Cambridge, MA},
  pages = {4--4},
  numpages = {1},
  url = {http://dl.acm.org/citation.cfm?id=1323128.1323132},
  acmid = {1323132},
  publisher = {USENIX Association},
  address = {Berkeley, CA, USA},
  }
}

@misc{Honeynet,
  author={The Honeynet Project},
  Key={Site},
  title={The Honeynet Project},
  howpublished={\url{http://www.honeynet.org/project},
  último acesso em 09 de Agosto de 2013
  }
}

@misc{Filex,
  author={Filex},
  Key={Site},
  title={Filex},
  howpublished={\url{http://www.filex.jeek.org},
  último acesso em 09 de Agosto de 2013
  }
}

@misc{EchoEcho,
  author={EchoEcho},
  Key={Site},
  title={EchoEcho},
  howpublished={\url{http://www.echoecho.com},
  último acesso em 09 de Agosto de 2013
  }
}
