@inproceedings{Geometric_Distortion,
 author = {Bulan, Orhan and Mao, Junwen and Sharma, Gaurav},
 title = {Geometric Distortion Signatures for Printer Identification},
 booktitle = {Proceedings of the 2009 IEEE International Conference on Acoustics, Speech and Signal Processing},
 series = {ICASSP '09},
 year = {2009},
 isbn = {978-1-4244-2353-8},
 pages = {1401--1404},
 numpages = {4},
 url = {http://dx.doi.org/10.1109/ICASSP.2009.4959855},
 doi = {10.1109/ICASSP.2009.4959855},
 acmid = {1583914},
 publisher = {IEEE Computer Society},
 address = {Washington, DC, USA},
} 
}

@inproceedings{Printer_Profiling,
 author = {Kee, Eric and Farid, Hany},
 title = {Printer Profiling for Forensics and Ballistics},
 booktitle = {Proceedings of the 10th ACM Workshop on Multimedia and Security},
 series = {MM\&\#38;Sec '08},
 year = {2008},
 isbn = {978-1-60558-058-6},
 location = {Oxford, United Kingdom},
 pages = {3--10},
 numpages = {8},
 url = {http://doi.acm.org/10.1145/1411328.1411332},
 doi = {10.1145/1411328.1411332},
 acmid = {1411332},
 publisher = {ACM},
 address = {New York, NY, USA},
 keywords = {digital forensics, digital tampering, document authentication, printer ballistics},
} 
}

@ARTICLE{Rocha,
 author = {Anderson de Rezende Rocha and Neucimar Jerônimo Leite},
 title = {Classificação de texturas a partir de vetores de
atributos e função de distribuição de probabilidades},
 journal = {},
 year = {},
 volume = {},
 pages = {},
 number = {}
}

@misc{Ants,
  author={The Wifey Journals},
  Key={Site},
  title={Ants!},
  howpublished={\url{http://www.thewifeyjournals.com/2010/09/ants.html},
  last access in November 28, 2013
  }
}