@inproceedings{Printer_Profiling,
 author = {Kee, Eric and Farid, Hany},
 title = {Printer Profiling for Forensics and Ballistics},
 booktitle = {Proceedings of the 10th ACM Workshop on Multimedia and Security},
 series = {MM\&\#38;Sec '08},
 year = {2008},
 isbn = {978-1-60558-058-6},
 location = {Oxford, United Kingdom},
 pages = {3--10},
 numpages = {8},
 url = {http://doi.acm.org/10.1145/1411328.1411332},
 doi = {10.1145/1411328.1411332},
 acmid = {1411332},
 publisher = {ACM},
 address = {New York, NY, USA},
 keywords = {digital forensics, digital tampering, document authentication, printer ballistics},
} 
}

@inproceedings{Bulan,
  title = {Geometric distortion signatures for printer identification},
  author = {Orhan Bulan and Junwen Mao and Gaurav Sharma},
  year = {2009},
  doi = {http://dx.doi.org/10.1109/ICASSP.2009.4959855},
  researchr = {http://researchr.org/publication/BulanMS09-0},
  cites = {0},
  citedby = {0},
  pages = {1401-1404},
  booktitle = {Proceedings of the IEEE International Conference on Acoustics, Speech, and Signal Processing, ICASSP 2009, 19-24 April 2009, Taipei, Taiwan},
  publisher = {IEEE},
}

@misc{RT,
  author={RT},
  Key={Site},
  title={700k windfall: Russian man outwits bank with hand-written credit contract},
  howpublished={\url{http://rt.com/business/man-outsmarts-banks-wins-court-221/},
  last access in November 17, 2013
  }
}

@ARTICLE{Ni_2009,
 author = {Kai Ni and Anitha Kannan and Antonio Criminisi and John Winn},
 title = {Epitomic Location Recognition},
 journal = {Transactions on Pattern Analysis and Machine Intelligence (TPAMI)},
 year = {2009},
 volume = {31},
 pages = {2158-2167},
 number = {12}
}

@INPROCEEDINGS{Ni_2008,
 author = {Kai Ni and Anitha Kannan and Antonio Criminisi and John Winn},
 title = {Epitomic Location Recognition},
 booktitle = {Proceedings of the IEEE Computer Society Conference on Computer Vision and Pattern Recognition (CVPR)},
 year = {2008},
 pages = {},
 address = {Anchorage, AK, USA}
}

@INPROCEEDINGS{Silva_2010,
 author = {Fulano Silva and Beltrano Souza},
 title = {Hey! This is my paper},
 booktitle = {European Conference on Nothing (ECN)},
 year = {2010},
 pages = {000--007},
 address = {Graz, Austria}
}

@INPROCEEDINGS{Silva_2010b,
 author = {Fulano Silva},
 title = {A paper on everything useless},
 booktitle = {European Conference on Nothing (ECN)},
 year = {2010},
 pages = {008--014},
 address = {Graz, Austria}
}

@INPROCEEDINGS{Silva_2010c,
 author = {Fulano Silva and Beltrano Souza and Sicrano Rocha},
 title = {Revisiting the classical publishing problem},
 booktitle = {European Conference on Nothing (ECN)},
 year = {2010},
 pages = {015--021},
 address = {Graz, Austria}
}