@inproceedings{Hurley,
 author = {Hurley, Ryan and Prusty, Swagatika and Soroush, Hamed and Walls, Robert J. and Albrecht, Jeannie and Cecchet, Emmanuel and Levine, Brian Neil and Liberatore, Marc and Lynn, Brian and Wolak, Janis},
 title = {Measurement and analysis of child pornography trafficking on P2P networks},
 booktitle = {Proceedings of the 22nd international conference on World Wide Web},
 series = {WWW '13},
 year = {2013},
 isbn = {978-1-4503-2035-1},
 location = {Rio de Janeiro, Brazil},
 pages = {631--642},
 numpages = {12},
 url = {http://dl.acm.org/citation.cfm?id=2488388.2488444},
 acmid = {2488444},
 publisher = {International World Wide Web Conferences Steering Committee},
 address = {Republic and Canton of Geneva, Switzerland},
 keywords = {digital forensics, forensic triage},
} 
}
}
